<?xml version="1.0" encoding="UTF-8"?><collection xmlns="http://www.loc.gov/MARC21/slim"><record><leader>00418nam--2200169-i-4500</leader><controlfield tag="001">000039338</controlfield><controlfield tag="002">20161230</controlfield><controlfield tag="005">20161230201042</controlfield><controlfield tag="008">060222s1000------------r-----000-0-ger-d</controlfield><datafield ind1=" " ind2=" " tag="041"><subfield code="a">ger</subfield></datafield><datafield ind1=" " ind2=" " tag="080"><subfield code="a">533</subfield></datafield><datafield ind1="1" ind2=" " tag="100"><subfield code="a">Prandtl, Ludwig</subfield></datafield><datafield ind1="1" ind2="0" tag="245"><subfield code="a">Fuhrer durch die stromungslehre</subfield></datafield><datafield ind1=" " ind2=" " tag="260"><subfield code="a">Braunschweig, Friedr.Vieweg &amp; Sohn, 1965,</subfield></datafield><datafield ind1=" " ind2=" " tag="300"><subfield code="a">XI + 523P</subfield></datafield><datafield ind1=" " ind2=" " tag="852"><subfield code="a">25387</subfield><subfield code="c">532</subfield></datafield><datafield ind1=" " ind2=" " tag="CAT"><subfield code="a">Sys</subfield><subfield code="c">20100714</subfield><subfield code="h">091547</subfield></datafield></record></collection>